<record><leader>00000cas a22000007a 4500</leader><controlfield tag="001">19972118</controlfield><controlfield tag="008">890706d18911901moudn ne      0    0eng d</controlfield><datafield ind1=" " ind2=" " tag="010"><subfield code="a">sn 89066782 </subfield></datafield><datafield ind1=" " ind2=" " tag="040"><subfield code="a">MQN</subfield><subfield code="b">eng</subfield><subfield code="c">MQN</subfield><subfield code="d">OCLCQ</subfield></datafield><datafield ind1=" " ind2=" " tag="042"><subfield code="a">msc</subfield></datafield><datafield ind1="0" ind2=" " tag="130"><subfield code="a">Daily enterprise (Charleston, Mo.)</subfield></datafield><datafield ind1="1" ind2="0" tag="245"><subfield code="a">Daily enterprise.</subfield></datafield><datafield ind1=" " ind2=" " tag="260"><subfield code="a">Charleston, Mo. :</subfield><subfield code="b">G.W. &amp; J.F. Martin,</subfield><subfield code="c">1891-1901.</subfield></datafield><datafield ind1=" " ind2=" " tag="300"><subfield code="a">v.</subfield></datafield><datafield ind1=" " ind2=" " tag="310"><subfield code="a">Daily (except Mon.)</subfield></datafield><datafield ind1="0" ind2=" " tag="362"><subfield code="a">Vol. 1, no. 1 (Oct. 6, 1891)-v. 5, no. 3,408 (May 8, 1897) ; 6th year, no. 3,409 (May 10, 1897)-11th year, no. 5,045 (July 13, 1901).</subfield></datafield><datafield ind1=" " ind2=" " tag="580"><subfield code="a">Weekly eds.: Charleston enterprise, &lt;July 29, 1879-Dec. 31, 1897&gt;; Weekly enterprise (Charleston, Mo.), &lt;June 7, 1901&gt;-July 12, 1901.</subfield></datafield><datafield ind1=" " ind2=" " tag="752"><subfield code="a">United States</subfield><subfield code="b">Missouri</subfield><subfield code="c">Mississippi</subfield><subfield code="d">Charleston.</subfield></datafield><datafield ind1="1" ind2=" " tag="775"><subfield code="t">Charleston enterprise</subfield><subfield code="w">(DLC)sn 89066784</subfield></datafield><datafield ind1="1" ind2=" " tag="775"><subfield code="t">Weekly enterprise (Charleston, Mo.)</subfield><subfield code="w">(DLC)sn 89066785</subfield></datafield></record>